@ARTICLE{Richter2011JCTC,
  author = {Martin Richter and Philipp Marquetand and Jes\'{u}s Gonz\'{a}lez-V\'{a}zquez
	and Ignacio Sola and Leticia Gonz\'{a}lez},
  title = {SHARC: ab Initio Molecular Dynamics with Surface Hopping in the Adiabatic
	Representation Including Arbitrary Couplings},
  journal = {J. Chem. Theory Comput.},
  year = {2011},
  volume = {7},
  pages = {1253-1258},
  number = {5},
  doi = {10.1021/ct1007394},
  url = {http://pubs.acs.org/doi/abs/10.1021/ct1007394}
}

@ARTICLE{Marquetand2011FD,
  author = {Philipp Marquetand and Martin Richter and Jes\'us {Gonz\'alez-V\'azquez}
	and Ignacio Sola and Leticia Gonz\'alez},
  title = {Nonadiabatic Ab Initio Molecular Dynamics Including Spin-Orbit Coupling
	and Laser Fields},
  journal = {Faraday Discuss.},
  year = {2011},
  volume = {153},
  pages = {261-273},
  doi = {10.1039/C1FD00055A},
  issue = {0},
  url = {http://pubs.rsc.org/en/Content/ArticleLanding/2011/FD/c1fd00055a}
}

@ARTICLE{Bajo2012JPCA,
  author = {Juan Jos\'e Bajo and Jes\'us {Gonz\'alez-V\'azquez} and Ignacio Sola
	and Jesus Santamaria and Martin Richter and Philipp Marquetand and
	Leticia Gonz\'alez},
  title = {Mixed Quantum-Classical Dynamics in the Adiabatic Representation
	to Simulate Molecules Driven by Strong Laser Pulses},
  journal = {J. Phys. Chem. A},
  year = {2012},
  volume = {116},
  pages = {2800-2807},
  number = {11},
  doi = {10.1021/jp208997r},
  url = {http://pubs.acs.org/doi/abs/10.1021/jp208997r}
}

@ARTICLE{Richter2012JPCL,
  author = {Martin Richter and Philipp Marquetand and Jes\'us Gonz\'{a}lez-V\'{a}zquez and
	Ignacio Sola and Leticia Gonz\'{a}lez},
  title = {Femtosecond Intersystem Crossing in the DNA Nucleobase Cytosine},
  journal = {J. Phys. Chem. Lett.},
  year = {2012},
  volume = {3},
  pages = {3090-3095},
  number = {21},
  doi = {10.1021/jz301312h}
}

@ARTICLE{Mai2013CPC,
  author = {Sebastian Mai and Philipp Marquetand and Martin Richter and Jes\'us
	Gonz\'alez-V\'azquez and Leticia Gonz\'{a}lez},
  title = {A singlet and triplet excited-state dynamics study of the keto and
	enol tautomers of cytosine},
  journal = {ChemPhysChem},
  year = {2013},
  volume = {14},
  pages = {2920-2931},
  doi = {10.1002/cphc.201300370},
  url = {http://onlinelibrary.wiley.com/doi/10.1002/cphc.201300370/abstract}
}

@incollection{Gonzalez2014,
    year={2014},
    series={Springer Series Chem. Phys.},
    title={Ultrafast laser-induced processes described by ab initio molecular dynamics},
    url={http://link.springer.com/chapter/10.1007\%2F978-3-319-02051-8_7},
    publisher={Springer Berlin Heidelberg},
    keywords={DNA photochemistry; Ultrafast radiationless decay; Non-adiabatic dynamics; Excited-state lifetimes; Conical Intersections},
    author={Leticia Gonz\'{a}lez and Philipp Marquetand and Martin Richter and Jes\'{u}s Gonz\'{a}lez-V\'{a}zquez
	and Ignacio Sola},
    volume = {107},
    pages={145-170},
    booktitle={Ultrafast phenomena in molecular sciences},
    editor={R. de Nalda and L. Ba\~{n}ares},
    language={English}
}

@ARTICLE{Mai2014JCP,
  author = {Sebastian Mai and Philipp Marquetand and Leticia Gonz\'{a}lez},
  title = {Non-adiabatic and intersystem crossing dynamics in SO2. II. The role of triplet states in the bound state dynamics studied by surface-hopping simulations},
  journal = {J. Chem. Phys.},
  year = {2014},
  volume = {140},
  pages = {204302},
  doi = {10.1063/1.4875036},
  url = {http://scitation.aip.org/content/aip/journal/jcp/140/20/10.1063/1.4875036}
}

@incollection{Mai2014TCC,
    year={2014},
    series={Topics in Current Chemistry},
    doi={10.1007/128_2014_549},
    title={Excitation of Nucleobases from a Computational Perspective II: Dynamics},
    url={http://dx.doi.org/10.1007/128_2014_549},
    publisher={Springer Berlin Heidelberg},
    keywords={DNA photochemistry; Ultrafast radiationless decay; Non-adiabatic dynamics; Excited-state lifetimes; Conical Intersections},
    author={Sebastian Mai  and Martin Richter and Philipp Marquetand and Leticia Gonz\'{a}lez},
    pages={(in press) DOI: 10.1007/128\_2014\_549},
    booktitle={Photoinduced Phenomena in Nucleic Acids},
    editor={M. Barbatti and A. C. Borin and S. Ullrich},
    language={English}
}

@ARTICLE{Richter2014PCCP,
  author = {Martin Richter and Sebastian Mai and Philipp Marquetand and Leticia Gonz\'{a}lez},
  title = {Ultrafast Intersystem Crossing Dynamics in Uracil Unravelled by Ab Initio Molecular Dynamics},
  journal = {Phys. Chem. Chem. Phys.},
  year = {2014},
  pages = {DOI: 10.1039/C4CP04158E},
  doi = {10.1039/C4CP04158E},
  url = {http://dx.doi.org/10.1039/C4CP04158E}
}

@ARTICLE{Mai2015IJQC,
  author = {Mai, Sebastian and Marquetand, Philipp and Gonz\'alez, Leticia},
  title = {A general method to describe intersystem crossing dynamics in trajectory
        surface hopping},
  journal = {Int. J. Quantum Chem.},
  year = {2015},
  pages = {DOI: 10.1002/qua.24891},
  doi = {10.1002/qua.24891},
  issn = {1097-461X},
  keywords = {surface hopping, intersystem crossing, nonadiabatic dynamics, photochemistry,
        spin-orbit coupling},
  url = {http://dx.doi.org/10.1002/qua.24891}
}

@ARTICLE{Crespo-Hernandez2015JACS,
  author = {Crespo-Hern\'andez, Carlos E. and Mart\'{\i}nez-Fern\'andez, Lara
        and Rauer, Clemens and Reichardt, Christian and Mai, Sebastian and
        Pollum, Marvin and Marquetand, Philipp and Gonz\'alez, Leticia and
        Corral, In\'es},
  title = {Electronic and Structural Elements That Regulate the Excited-State
        Dynamics in Purine Nucleobase Derivatives},
  journal = {J. Am. Chem. Soc.},
  year = {2015},
  volume = {137},
  pages = {4368-4381},
  number = {13},
  doi = {10.1021/ja512536c},
  url = {http://dx.doi.org/10.1021/ja512536c}
}
