@ARTICLE{Richter2011JCTC,
  author = {Martin Richter and Philipp Marquetand and Jes\'{u}s Gonz\'{a}lez-V\'{a}zquez
	and Ignacio Sola and Leticia Gonz\'{a}lez},
  title = {SHARC: ab Initio Molecular Dynamics with Surface Hopping in the Adiabatic
	Representation Including Arbitrary Couplings},
  journal = {J. Chem. Theory Comput.},
  year = {2011},
  volume = {7},
  pages = {1253-1258},
  number = {5},
  doi = {10.1021/ct1007394},
  url = {http://pubs.acs.org/doi/abs/10.1021/ct1007394}
}

@ARTICLE{Marquetand2011FD,
  author = {Philipp Marquetand and Martin Richter and Jes\'us {Gonz\'alez-V\'azquez}
	and Ignacio Sola and Leticia Gonz\'alez},
  title = {Nonadiabatic Ab Initio Molecular Dynamics Including Spin-Orbit Coupling
	and Laser Fields},
  journal = {Faraday Discuss.},
  year = {2011},
  volume = {153},
  pages = {261-273},
  doi = {10.1039/C1FD00055A},
  issue = {0},
  url = {http://pubs.rsc.org/en/Content/ArticleLanding/2011/FD/c1fd00055a}
}



@ARTICLE{Bajo2012JPCA,
  author = {Juan Jos\'e Bajo and Jes\'us {Gonz\'alez-V\'azquez} and Ignacio Sola
	and Jesus Santamaria and Martin Richter and Philipp Marquetand and
	Leticia Gonz\'alez},
  title = {Mixed Quantum-Classical Dynamics in the Adiabatic Representation
	to Simulate Molecules Driven by Strong Laser Pulses},
  journal = {J. Phys. Chem. A},
  year = {2012},
  volume = {116},
  pages = {2800-2807},
  number = {11},
  doi = {10.1021/jp208997r},
  url = {http://pubs.acs.org/doi/abs/10.1021/jp208997r}
}

@ARTICLE{Richter2012JPCL,
  author = {Martin Richter and Philipp Marquetand and Jes\'us Gonz\'{a}lez-V\'{a}zquez and
	Ignacio Sola and Leticia Gonz\'{a}lez},
  title = {Femtosecond Intersystem Crossing in the DNA Nucleobase Cytosine},
  journal = {J. Phys. Chem. Lett.},
  year = {2012},
  volume = {3},
  pages = {3090-3095},
  number = {21},
  doi = {10.1021/jz301312h}
}



@ARTICLE{Mai2013CPC,
  author = {Sebastian Mai and Philipp Marquetand and Martin Richter and Jes\'us
	Gonz\'alez-V\'azquez and Leticia Gonz\'{a}lez},
  title = {A singlet and triplet excited-state dynamics study of the keto and
	enol tautomers of cytosine},
  journal = {ChemPhysChem},
  year = {2013},
  volume = {14},
  pages = {2920-2931},
  doi = {10.1002/cphc.201300370},
  url = {http://onlinelibrary.wiley.com/doi/10.1002/cphc.201300370/abstract}
}



@incollection{Gonzalez2014,
    year={2014},
    series={Springer Series Chem. Phys.},
    title={Ultrafast laser-induced processes described by ab initio molecular dynamics},
    url={http://link.springer.com/chapter/10.1007\%2F978-3-319-02051-8_7},
    publisher={Springer Berlin Heidelberg},
    keywords={DNA photochemistry; Ultrafast radiationless decay; Non-adiabatic dynamics; Excited-state lifetimes; Conical Intersections},
    author={Leticia Gonz\'{a}lez and Philipp Marquetand and Martin Richter and Jes\'{u}s Gonz\'{a}lez-V\'{a}zquez
	and Ignacio Sola},
    volume = {107},
    pages={145-170},
    booktitle={Ultrafast phenomena in molecular sciences},
    editor={R. de Nalda and L. Ba\~{n}ares},
    language={English}
}

@ARTICLE{Mai2014JCP,
  author = {Sebastian Mai and Philipp Marquetand and Leticia Gonz\'{a}lez},
  title = {Non-adiabatic and intersystem crossing dynamics in SO2. II. The role of triplet states in the bound state dynamics studied by surface-hopping simulations},
  journal = {J. Chem. Phys.},
  year = {2014},
  volume = {140},
  pages = {204302},
  doi = {10.1063/1.4875036},
  url = {http://scitation.aip.org/content/aip/journal/jcp/140/20/10.1063/1.4875036}
}

@incollection{Mai2014TCC,
    year={2014},
    series={Topics in Current Chemistry},
    doi={10.1007/128_2014_549},
    title={Excitation of Nucleobases from a Computational Perspective II: Dynamics},
    url={http://dx.doi.org/10.1007/128_2014_549},
    publisher={Springer Berlin Heidelberg},
    keywords={DNA photochemistry; Ultrafast radiationless decay; Non-adiabatic dynamics; Excited-state lifetimes; Conical Intersections},
    author={Sebastian Mai  and Martin Richter and Philipp Marquetand and Leticia Gonz\'{a}lez},
    pages={(in press) DOI: 10.1007/128\_2014\_549},
    booktitle={Photoinduced Phenomena in Nucleic Acids},
    editor={M. Barbatti and A. C. Borin and S. Ullrich},
    language={English}
}

@ARTICLE{Richter2014PCCP,
  author = {Martin Richter and Sebastian Mai and Philipp Marquetand and Leticia Gonz\'{a}lez},
  title = {Ultrafast Intersystem Crossing Dynamics in Uracil Unravelled by Ab Initio Molecular Dynamics},
  journal = {Phys. Chem. Chem. Phys.},
  year = {2014},
  pages = {24423-24436},
  volume={16},
  doi = {10.1039/C4CP04158E},
  url = {http://dx.doi.org/10.1039/C4CP04158E}
}

@ARTICLE{Corrales2014PCCP,
  author = {Mar\'{i}a E. Corrales and Vincent Loriot and Garikoitz Balerdi and
        Jes\'{u}s Gonz\'{a}lez-V\'{a}zquez and Rebeca de Nalda and Luis Ba{\~n}ares
        and Ahmed H. Zewail},
  title = {Structural dynamics effects on the ultrafast chemical bond cleavage
        of a photodissociation reaction},
  journal = {Phys. Chem. Chem. Phys.},
  year = {2014},
  volume = {16},
  pages = {8812-8818},
  doi = {10.1039/C3CP54677B},
}



@ARTICLE{Martinez-Fernandez2015JCTC,
  author = {Mart\'{\i}nez-Fern\'andez, Lara and Gonz\'alez-V\'azquez, Jes\'us
        and Gonz\'alez, Leticia and Corral, In\'es},
  title = {Time-resolved insight into the photosensitized generation of singlet
        oxygen in endoperoxides},
  journal = {J. Chem. Theory Comput.},
  year = {2015},
  pages = {406-414},
  volume = {11},
  doi = {10.1021/ct500909a},
  url = {http://dx.doi.org/10.1021/ct500909a}
}

@ARTICLE{Mai2015IJQC,
  author = {Mai, Sebastian and Marquetand, Philipp and Gonz\'alez, Leticia},
  title = {A general method to describe intersystem crossing dynamics in trajectory
        surface hopping},
  journal = {Int. J. Quantum Chem.},
  year = {2015},
  volume = {115},
  pages = {1215-1231},
  doi = {10.1002/qua.24891},
  url = {http://dx.doi.org/10.1002/qua.24891}
}

@ARTICLE{Crespo-Hernandez2015JACS,
  author = {Crespo-Hern\'andez, Carlos E. and Mart\'{\i}nez-Fern\'andez, Lara
        and Rauer, Clemens and Reichardt, Christian and Mai, Sebastian and
        Pollum, Marvin and Marquetand, Philipp and Gonz\'alez, Leticia and
        Corral, In\'es},
  title = {Electronic and Structural Elements That Regulate the Excited-State
        Dynamics in Purine Nucleobase Derivatives},
  journal = {J. Am. Chem. Soc.},
  year = {2015},
  volume = {137},
  pages = {4368-4381},
  number = {13},
  doi = {10.1021/ja512536c},
  url = {http://dx.doi.org/10.1021/ja512536c}
}



@ARTICLE{Mai2016JPCL,
  author = {Sebastian Mai and Philipp Marquetand and Leticia Gonz\'alez},
  title = {Intersystem Crossing Pathways in the Noncanonical Nucleobase 2-Thiouracil:
        A Time-Dependent Picture},
  journal = {J. Phys. Chem. Lett.},
  year = {2016},
  volume = {7},
  pages = {1978-1983},
  number = {0},
  doi = {10.1021/acs.jpclett.6b00616},
  url = {http://dx.doi.org/10.1021/acs.jpclett.6b00616}
}

@ARTICLE{Richter2016JCTC,
  author = {Richter, Martin and Fingerhut, Benjamin P.},
  title = {Simulation of Multi-Dimensional Signals in the Optical Domain: Quantum-Classical
        Feedback in Nonlinear Exciton Propagation},
  journal = {J. Chem. Theory Comput.},
  year = {2016},
  volume = {12},
  pages = {3284-3294},
  number = {7},
  doi = {10.1021/acs.jctc.6b00371},
  url = { http://dx.doi.org/10.1021/acs.jctc.6b00371}
}

@ARTICLE{Rauer2016JACS,
  author = {Rauer, Clemens and Nogueira, Juan J. and Marquetand, Philipp and
        Gonz\'alez, Leticia},
  title = {Cyclobutane Thymine Photodimerization Mechanism Revealed by Nonadiabatic
        Molecular Dynamics},
  journal = {J. Am. Chem. Soc.},
  year = {2016},
  volume = {138},
  pages = {15911-15916},
  number = {49},
  doi = {10.1021/jacs.6b06701},
  url = { http://dx.doi.org/10.1021/jacs.6b06701 }
}

@ARTICLE{Mai2016NC,
  author = {Sebastian Mai and Marvin Pollum and Lara Mart\'{\i}nez-Fern\'andez
        and Nicholas Dunn and Philipp Marquetand and In\'es Corral and Carlos
        E. Crespo-Hern\'andez and Leticia Gonz\'alez},
  title = {The Origin of Efficient Triplet State Population in Sulfur-Substituted
        Nucleobases},
  journal = {Nat. Commun.},
  year = {2016},
  volume = {7},
  pages = {13077},
  doi = {10.1038/ncomms13077},
  url = {http://dx.doi.org/10.1038/ncomms13077}
}

@ARTICLE{Marazzi2016JPCL,
  author = {Marco Marazzi and Sebastian Mai and Daniel Roca-Sanju\'an and Micka\"el
        G. Delcey and Roland Lindh and Leticia Gonz\'alez and Antonio Monari},
  title = {Benzophenone Ultrafast Triplet Population: Revisiting the Kinetic
        Model by Surface-Hopping Dynamics},
  journal = {J. Phys. Chem. Lett.},
  year = {2016},
  volume = {7},
  pages = {622-626},
  number = {4},
  doi = {10.1021/acs.jpclett.5b02792},
  url = { http://dx.doi.org/10.1021/acs.jpclett.5b02792 }
}

@ARTICLE{Cao2016CP,
  author = {Jun Cao and Zhi-Zhong Xie and Xiaodong Yu},
  title = {Excited-state dynamics of oxazole: A combined electronic structure
        calculations and dynamic simulations study},
  journal = {Chem. Phys.},
  year = {2016},
  volume = {474},
  pages = {25 - 35},
  doi = {10.1016/j.chemphys.2016.05.003},
  issn = {0301-0104},
  url = {http://www.sciencedirect.com/science/article/pii/S0301010416301586}
}

@ARTICLE{Banerjee2016PCCP,
  author = {Banerjee, Ambar and Halder, Debabrata and Ganguly, Gaurab and Paul,
        Ankan},
  title = {Deciphering the cryptic role of a catalytic electron in a photochemical
        bond dissociation using excited state aromaticity markers},
  journal = {Phys. Chem. Chem. Phys.},
  year = {2016},
  volume = {18},
  pages = {25308-25314},
  doi = {10.1039/C6CP03789E},
  issue = {36},
  url = {http://dx.doi.org/10.1039/C6CP03789E}
}




@ARTICLE{Mai2017CP,
  author = {Sebastian Mai and Martin Richter and Philipp Marquetand and Leticia
        Gonz\'alez},
  title = {The {DNA} Nucleobase Thymine in Motion -- {Intersystem} Crossing
        Simulated with Surface Hopping},
  journal = {Chem. Phys.},
  year = {2017},
  volume = {482},
  pages = {9-15},
  doi = {10.1016/j.chemphys.2016.10.003},
  url = {http://dx.doi.org/10.1016/j.chemphys.2016.10.003}
}

@ARTICLE{Mai2017JCP,
  author = {Sebastian Mai and Felix Plasser and Matthias Pabst and Frank Neese
        and Andreas K\"ohn and Leticia Gonz\'alez},
  title = {Surface Hopping Dynamics Including Intersystem Crossing using the
        Algebraic Diagrammatic Construction Method},
  journal = {J. Chem. Phys.},
  year = {2017},
  volume = {147},
  pages = {184109},
  doi = {10.1063/1.4999687},
  url = {http://dx.doi.org/10.1063/1.4999687}
}

@ARTICLE{Borin2017PCCP,
  author = {Borin, Antonio Carlos and Mai, Sebastian and Marquetand, Philipp
        and Gonz\'alez, Leticia},
  title = {Ab initio molecular dynamics relaxation and intersystem crossing
        mechanisms of 5-azacytosine},
  journal = {Phys. Chem. Chem. Phys.},
  year = {2017},
  volume = {19},
  pages = {5888--5894},
  doi = {10.1039/C6CP07919A},
  url = {http://dx.doi.org/10.1039/C6CP07919A}
}

@ARTICLE{Peccati2017PTRSA,
  author = {Francesca Peccati and Sebastian Mai and Leticia Gonz\'alez},
  title = {Insights into the Deactivation of 5-Bromouracil after {UV} Excitation},
  journal = {Phil. Trans. R. Soc. A},
  year = {2017},
  volume = {375},
  pages = {20160202},
  doi = {10.1098/rsta.2016.0202},
  url = {http://dx.doi.org/10.1098/rsta.2016.0202}
}

@ARTICLE{Schnappinger2017PCCP,
  author = {Schnappinger, Thomas and Kolle, Patrick and Marazzi, Marco and Monari,
        Antonio and Gonz\'alez, Leticia and de Vivie-Riedle, Regina},
  title = {Ab initio molecular dynamics of thiophene: the interplay of internal
        conversion and intersystem crossing},
  journal = {Phys. Chem. Chem. Phys.},
  year = {2017},
  volume = {19},
  pages = {25662-25670},
  doi = {10.1039/C7CP05061E},
  issue = {37},
  url = {http://dx.doi.org/10.1039/C7CP05061E}
}

@ARTICLE{Atkins2017JPCL,
  author = {Atkins, Andrew J. and Gonz\'alez, Leticia},
  title = {Trajectory Surface-Hopping Dynamics Including Intersystem Crossing
        in {[Ru(bpy)$_3$]$^{2+}$}},
  journal = {J. Phys. Chem. Lett.},
  year = {2017},
  volume = {8},
  pages = {3840-3845},
  number = {0},
  doi = {10.1021/acs.jpclett.7b01479},
  url = { http://dx.doi.org/10.1021/acs.jpclett.7b01479}
}

@ARTICLE{Bellshaw2017CPL,
  author = {Darren Bellshaw and Daniel A. Horke and Adam D. Smith and Hannah
        M. Watts and Edward Jager and Emma Springate and Oliver Alexander
        and Cephise Cacho and Richard T. Chapman and Adam Kirrander and Russell
        S. Minns},
  title = {Ab-initio surface hopping and multiphoton ionisation study of the
        photodissociation dynamics of {CS2}},
  journal = {Chem. Phys. Lett.},
  year = {2017},
  volume = {683},
  pages = {383-388},
  doi = {https://doi.org/10.1016/j.cplett.2017.02.058},
  url = {http://www.sciencedirect.com/science/article/pii/S0009261417301744}
}

@ARTICLE{Siouri2017JPCA,
  author = {Siouri, Faady M. and Boldissar, Samuel and Berenbeim, Jacob A. and
        {de Vries}, Mattanjah S.},
  title = {Excited State Dynamics of 6-Thioguanine},
  journal = {J. Phys. Chem. A},
  year = {2017},
  volume = {121},
  pages = {5257-5266},
  number = {28},
  doi = {10.1021/acs.jpca.7b03036},
  url = { http://dx.doi.org/10.1021/acs.jpca.7b03036}
}

@ARTICLE{Pederzoli2017JCP,
  author = {Marek Pederzoli and Ji\v{r}\'i Pittner},
  title = {A new approach to molecular dynamics with non-adiabatic and spin-orbit
        effects with applications to {QM/MM} simulations of thiophene and
        selenophene},
  journal = {J. Chem. Phys.},
  year = {2017},
  volume = {146},
  pages = {114101},
  number = {11},
  doi = {10.1063/1.4978289},
  url = {http://dx.doi.org/10.1063/1.4978289}
}

@Article{Murillo-Sanchez2017CPL,
  author  = {M.L. Murillo-S\'anchez and S. Marggi Poullain and J. Gonz\'alez-V\'azquez and M.E. Corrales and G. Balerdi and L. Ba{\~{n}}ares},
  title   = {Femtosecond photodissociation dynamics of chloroiodomethane in the first absorption band},
  journal = {Chem. Phys. Lett.},
  year    = {2017},
  volume  = {683},
  pages   = {22 - 28},
  doi     = {10.1016/j.cplett.2017.02.037},
  url     = {http://www.sciencedirect.com/science/article/pii/S0009261417301537},
}




@ARTICLE{Rauer2018MC,
  author = {Rauer, Clemens and Nogueira, Juan J. and Marquetand, Philipp and
        Gonz{\'a}lez, Leticia},
  title = {Stepwise photosensitized thymine dimerization mediated by an exciton
        intermediate},
  journal = {Monatsh. Chem.},
  year = {2018},
  volume = {149},
  pages = {1--9},
  number = {1},
  doi = {10.1007/s00706-017-2108-4},
  url = {https://doi.org/10.1007/s00706-017-2108-4}
}

@Article{Zobel2018CEJ,
  author   = {Zobel, J Patrick and Nogueira, Juan J and Gonz\'alez, Leticia},
  title    = {The Mechanism of Ultrafast Intersystem Crossing in 2-Nitronaphthalene},
  journal  = {Chem. Eur. J.},
  year     = {2018},
  pages    = {DOI:10.1002/chem.201705854},
  doi      = {10.1002/chem.201705854},
  url      = {http://dx.doi.org/10.1002/chem.201705854},
}

@Article{Squibb2018NC,
  author   = {Squibb, R. J. and Sapunar, M. and Ponzi, A. and Richter, R. and Kivim{\"a}ki, A. and Plekan, O. and Finetti, P. and Sisourat, N. and Zhaunerchyk, V. and Marchenko, T. and Journel, L. and Guillemin, R. and Cucini, R. and Coreno, M. and Grazioli, C. and Di Fraia, M. and Callegari, C. and Prince, K. C. and Decleva, P. and Simon, M. and Eland, J. H. D. and Do{\v{s}}li{\'c}, N. and Feifel, R. and Piancastelli, M. N.},
  title    = {Acetylacetone photodynamics at a seeded free-electron laser},
  journal  = {Nat. Commun.},
  year     = {2018},
  volume   = {9},
  number   = {1},
  pages    = {63},
  doi      = {10.1038/s41467-017-02478-0},
  url      = {https://doi.org/10.1038/s41467-017-02478-0},
}

@Article{Cao2018JMS,
  author   = {Jun Cao},
  title    = {The position of the N atom in the pentacyclic ring of heterocyclic molecules affects the excited-state decay: A case study of isothiazole and thiazole},
  journal  = {J. Mol. Struct.},
  year     = {2018},
  pages    = {DOI:10.1016/j.molstruc.2017.11.008},
  doi      = {10.1016/j.molstruc.2017.11.008},
  url      = {http://www.sciencedirect.com/science/article/pii/S0022286017314813},
}