../../../../PROJECTS/Thiocytosine/Drafts/bib/mai_bib_merged.bib